<?xml version="1.0" encoding="UTF-8"?><collection xmlns="http://www.loc.gov/MARC21/slim"><record><leader>00434nam--2200181-u-4500</leader><controlfield tag="001">000054865</controlfield><controlfield tag="002">20161230</controlfield><controlfield tag="005">20170106153618</controlfield><controlfield tag="008">120622s1000------------r-----000-0-rus-d</controlfield><datafield ind1=" " ind2=" " tag="040"><subfield code="a">IFIN-HH</subfield></datafield><datafield ind1=" " ind2=" " tag="041"><subfield code="a">rus</subfield></datafield><datafield ind1=" " ind2=" " tag="080"><subfield code="a">539.12.172</subfield></datafield><datafield ind1="1" ind2=" " tag="100"><subfield code="a">Kucein, I. A</subfield></datafield><datafield ind1="1" ind2="0" tag="245"><subfield code="a">Difraktiionnaia dissotiatia</subfield><subfield code="c">I.A. Kucein</subfield></datafield><datafield ind1=" " ind2=" " tag="260"><subfield code="a">Alma-Ata</subfield><subfield code="b">Nauka</subfield><subfield code="c">1984</subfield></datafield><datafield ind1=" " ind2=" " tag="300"><subfield code="a">151 p</subfield></datafield><datafield ind1=" " ind2=" " tag="852"><subfield code="a">72206</subfield><subfield code="c">539.17</subfield></datafield><datafield ind1=" " ind2=" " tag="CAT"><subfield code="a">SYS</subfield><subfield code="c">20170106</subfield><subfield code="h">153618</subfield></datafield></record></collection>